@book{wright1932roles,
  title={The roles of mutation, inbreeding, crossbreeding, and selection in evolution},
  author={Wright, Sewall},
  volume={1},
  year={1932},
  pages={356--366},
  publisher={Proceedings of the Sixth International Congress of Genetics}
}
@article{haldane1922sex,
  title={Sex ratio and unisexual sterility in hybrid animals},
  author={Haldane, J BS},
  journal={Journal of genetics},
  volume={12},
  number={2},
  pages={101--109},
  year={1922},
  publisher={Springer}
}

@article{shuo2019example,
title={this is a example},
author={shuo,Hou},
journal={hahaha},
year={2019},
publisher={noOne}
}